<?xml version="1.0" encoding="UTF-8"?><collection xmlns="http://www.loc.gov/MARC21/slim"><record><leader>00666nam--2200193-i-4500</leader><controlfield tag="001">000037291</controlfield><controlfield tag="002">20161230</controlfield><controlfield tag="005">20161230201041</controlfield><controlfield tag="008">060222s1000------------r-----000-0-eng-d</controlfield><datafield ind1=" " ind2=" " tag="020"><subfield code="a">0720403324</subfield></datafield><datafield ind1=" " ind2=" " tag="040"><subfield code="a">IFIN-HH</subfield></datafield><datafield ind1=" " ind2=" " tag="080"><subfield code="a">539.142.3</subfield></datafield><datafield ind1="1" ind2=" " tag="100"><subfield code="a">Alaga, Gaja</subfield></datafield><datafield ind1="1" ind2="0" tag="245"><subfield code="a">Problems of vibrational nuclei</subfield><subfield code="b">Proceedings of the topical conference on problems of vibrational nuclei zagreb, croatia, yugoslavia, september 24-27, 1974</subfield><subfield code="c">Gaja alaga, vladimir paar, leopold sips (eds.)</subfield></datafield><datafield ind1=" " ind2=" " tag="260"><subfield code="a">Amsterdam</subfield><subfield code="b">North-holland Publishing Company</subfield><subfield code="c">1975</subfield></datafield><datafield ind1=" " ind2=" " tag="300"><subfield code="a">X + 458P</subfield></datafield><datafield ind1="1" ind2=" " tag="700"><subfield code="a">Sips, Leopold</subfield><subfield code="e">Ed</subfield></datafield><datafield ind1=" " ind2=" " tag="852"><subfield code="a">45413</subfield><subfield code="c">539.14</subfield></datafield><datafield ind1=" " ind2=" " tag="CAT"><subfield code="a">Sys</subfield><subfield code="c">20120403</subfield><subfield code="h">141546</subfield></datafield></record></collection>